<?xml version="1.0" encoding="UTF-8"?><record xmlns="http://www.loc.gov/MARC21/slim" xmlns:cinclude="http://apache.org/cocoon/include/1.0" xmlns:zs="http://www.loc.gov/zing/srw/">
  <leader>00417cz  a2200121n  4500</leader>
  <controlfield tag="001">n  85115198 </controlfield>
  <controlfield tag="003">DLC</controlfield>
  <controlfield tag="005">20141209075743.0</controlfield>
  <controlfield tag="008">850528n| azannaab           |n aaa      </controlfield>
  <datafield tag="010" ind1=" " ind2=" ">
    <subfield code="a">n  85115198 </subfield>
  </datafield>
  <datafield tag="040" ind1=" " ind2=" ">
    <subfield code="a">DGPO</subfield>
    <subfield code="b">eng</subfield>
    <subfield code="e">rda</subfield>
    <subfield code="c">DLC</subfield>
    <subfield code="d">DLC</subfield>
  </datafield>
  <datafield tag="100" ind1="1" ind2=" ">
    <subfield code="a">Polky, J. N.</subfield>
  </datafield>
  <datafield tag="670" ind1=" " ind2=" ">
    <subfield code="a">Author's An ultra-high speed residue processor for SAFT inspection system image enhancement, 1985:</subfield>
    <subfield code="b">t.p. (J.N. Polky, Sigma Research, Inc., Seattle, WA)</subfield>
  </datafield>
</record>